
@misc{indgar,
author = {indgar},
title = {How to round a number to significant figures in Python},
year = "Aug 2010",
howpublished = {\url{http://stackoverflow.com/questions/3410976/how-to-round-a-number-to-significant-figures-in-python}},
}


